
@article{browne2012survey,
	title={A survey of monte carlo tree search methods},
	author={Browne, Cameron B and Powley, Edward and Whitehouse, Daniel and Lucas, Simon M and Cowling, Peter I and Rohlfshagen, Philipp and Tavener, Stephen and Perez, Diego and Samothrakis, Spyridon and Colton, Simon},
	journal={IEEE Transactions on Computational Intelligence and AI in Games},
	volume={4},
	number={1},
	pages={1--43},
	year={2012},
	publisher={IEEE}
}

@inproceedings{keller2013trial,
	title={Trial-Based Heuristic Tree Search for Finite Horizon MDPs.},
	author={Keller, Thomas and Helmert, Malte},
	year={2013}
}

@article{gelly2011monte,
	title={Monte-Carlo tree search and rapid action value estimation in computer Go},
	author={Gelly, Sylvain and Silver, David},
	journal={Artificial Intelligence},
	volume={175},
	number={11},
	pages={1856--1875},
	year={2011},
	publisher={Elsevier}
}

@inproceedings{keller2012prost,
	title={PROST: Probabilistic Planning Based on UCT.},
	author={Keller, Thomas and Eyerich, Patrick},
	booktitle={ICAPS},
	year={2012}
}

@article{silver2012temporal,
	title={Temporal-difference search in computer Go},
	author={Silver, David and Sutton, Richard S and M{\"u}ller, Martin},
	journal={Machine learning},
	volume={87},
	number={2},
	pages={183--219},
	year={2012},
	publisher={Springer}
}

@article{lecarpentier16,
	title={Development of a Q-Learning Algorithm
	for Model-free Autonomous Soaring},
	author={Lecarpentier, Erwan and Rapp, Sebastian and Melo, Marc and Rachelson, Emmanuel},
	journal={IFAC},
	year={2016},
}

@book{sutton1998reinforcement,
	title={Reinforcement learning: An introduction},
	author={Sutton, Richard S and Barto, Andrew G},
	volume={1},
	number={1},
	year={1998},
	publisher={MIT press Cambridge}
}

@article{szepesvari2010algorithms,
	title={Algorithms for reinforcement learning},
	author={Szepesv{\'a}ri, Csaba},
	journal={Synthesis lectures on artificial intelligence and machine learning},
	volume={4},
	number={1},
	pages={1--103},
	year={2010},
	publisher={Morgan \& Claypool Publishers}
}

@inproceedings{silver2008sample,
	title={Sample-based learning and search with permanent and transient memories},
	author={Silver, David and Sutton, Richard S and M{\"u}ller, Martin},
	booktitle={Proceedings of the 25th international conference on Machine learning},
	pages={968--975},
	year={2008},
	organization={ACM}
}

@article{lagoudakis2003least,
	title={Least-squares policy iteration},
	author={Lagoudakis, Michail G and Parr, Ronald},
	journal={Journal of Machine Learning Research},
	volume={4},
	number={Dec},
	pages={1107--1149},
	year={2003}
}

@article{xu2007kernel,
	title={Kernel-based least squares policy iteration for reinforcement learning},
	author={Xu, Xin and Hu, Dewen and Lu, Xicheng},
	journal={IEEE Transactions on Neural Networks},
	volume={18},
	number={4},
	year={2007},
	pages={973--992},
	publisher={IEEE}
}

@book{busoniu2010reinforcement,
	title={Reinforcement learning and dynamic programming using function approximators},
	author={Busoniu, Lucian and Babuska, Robert and De Schutter, Bart and Ernst, Damien},
	volume={39},
	year={2010},
	pages={170--204},
	publisher={CRC press}
}
