
@article{white_1982,
title = "Multi-objective infinite-horizon discounted Markov decision processes",
journal = "Journal of Mathematical Analysis and Applications",
volume = "89",
number = "2",
pages = "639 - 647",
year = "1982",
note = "",
issn = "0022-247X",
doi = "http://dx.doi.org/10.1016/0022-247X(82)90122-6",
url = "http://www.sciencedirect.com/science/article/pii/0022247X82901226",
author = "D.J White",
}

@article{boyan_littman_2000,
	title={Exact solutions to time-dependent MDPs},
	author={Boyan, Justin A and Littman, Michael L},
	year={2001}
}

@article{browne2012survey,
	title={A survey of monte carlo tree search methods},
	author={Browne, Cameron B and Powley, Edward and Whitehouse, Daniel and Lucas, Simon M and Cowling, Peter I and Rohlfshagen, Philipp and Tavener, Stephen and Perez, Diego and Samothrakis, Spyridon and Colton, Simon},
	journal={IEEE Transactions on Computational Intelligence and AI in Games},
	volume={4},
	number={1},
	pages={1--43},
	year={2012},
	publisher={IEEE}
}

@inproceedings{silver2010monte,
	title={Monte-Carlo planning in large POMDPs},
	author={Silver, David and Veness, Joel},
	booktitle={Advances in neural information processing systems},
	pages={2164--2172},
	year={2010}
}

@inproceedings{rachelson_et_al_2008,
	title={Extending the Bellman equation for MDP to continuous actions and continuous time in the discounted case},
	author={Rachelson, Emmanuel and Garcia, Fr{\'e}d{\'e}rick and Fabiani, Patrick},
	booktitle={10th Int. Symp. on AI and Math},
	year={2008}
}

@article{sutton_et_al_1999,
	title={Between MDPs and semi-MDPs: A framework for temporal abstraction in reinforcement learning},
	author={Sutton, Richard S and Precup, Doina and Singh, Satinder},
	journal={Artificial intelligence},
	volume={112},
	number={1},
	pages={181--211},
	year={1999},
	publisher={Elsevier}
}

@article{lecarpentier_et_al_2016,
	title={Development of a Q-Learning Algorithm
	for Model-free Autonomous Soaring},
	author={Lecarpentier, Erwan and Rapp, Sebastian and Melo, Marc and Rachelson, Emmanuel},
	journal={IFAC},
	year={2016},
}

@inproceedings{keller2013trial,
	title={Trial-Based Heuristic Tree Search for Finite Horizon MDPs.},
	author={Keller, Thomas and Helmert, Malte},
	year={2013}
}

@inproceedings{keller2012prost,
	title={PROST: Probabilistic Planning Based on UCT.},
	author={Keller, Thomas and Eyerich, Patrick},
	booktitle={ICAPS},
	year={2012}
}

@inproceedings{younes_simmons_2004,
	title={Solving generalized semi-Markov decision processes using continuous phase-type distributions},
	author={Younes, H{\aa}kan LS and Simmons, Reid G},
	booktitle={AAAI},
	volume={4},
	pages={742},
	year={2004}
}

@phdthesis{watkins_1989,
	title={Learning from delayed rewards},
	author={Watkins, Christopher John Cornish Hellaby},
	year={1989},
	school={University of Cambridge England}
}
