@article{beeler2003flight,
  title={A flight dynamics model for a small glider in ambient winds},
  author={Beeler, Scott C and Moerder, Daniel D and Cox, David E},
  year={2003}
}