@article{boslough2002autonomous,
  title={Autonomous dynamic soaring platform for distributed mobile sensor arrays},
  author={Boslough, Mark BE},
  journal={Sandia National Laboratories, Sandia National Laboratories, Tech. Rep. SAND2002-1896},
  year={2002}
}

@article{coiro2008flight,
	title={Flight test on ultralight motorglider, aerodynamic model estimation and use in a 6DOF flight simulator},
	author={Coiro, DP and Nicolosi, F and De Marco, A and Familio, R},
	journal={Aerotecnica Missili e Spazio},
	volume={87},
	number={1},
	pages={3--13},
	year={2008}
}

@inproceedings{gimenes2008using,
	title={Using Flight Simulation Environments with Agent-Controlled UAVs},
	author={Gimenes, Ricardo and Silva, Daniel Castro and Reis, Lu{\i}s Paulo and Oliveira, Eug{\'e}nio},
	booktitle={Autonomous Robot Systems and Competitions: Proceedings of the 8th Conference},
	year={2008}
}

@article{de2016guidance,
	title={Guidance algorithm for smooth trajectory tracking of a fixed wing UAV flying in wind flows},
	author={de Marina, Hector Garcia and Kapitanyuk, Yuri A and Bronz, Murat and Hattenberger, Gautier and Cao, Ming},
	journal={arXiv preprint arXiv:1610.02797},
	year={2016}
}
