@article{sutton1999between,
	title={Between MDPs and semi-MDPs: A framework for temporal abstraction in reinforcement learning},
	author={Sutton, Richard S and Precup, Doina and Singh, Satinder},
	journal={Artificial intelligence},
	volume={112},
	number={1-2},
	pages={181--211},
	year={1999},
	publisher={Elsevier}
}

@inproceedings{boyan2000exact,
	title={Exact solutions to time-dependent MDPs},
	author={Boyan, Justin A and Littman, Michael L},
	booktitle={NIPS},
	pages={1026--1032},
	year={2000}
}

@inproceedings{younes2004solving,
	title={Solving generalized semi-Markov decision processes using continuous phase-type distributions},
	author={Younes, H{\aa}kan LS and Simmons, Reid G},
	booktitle={AAAI},
	volume={4},
	pages={742},
	year={2004}
}

@inproceedings{rachelson2008extending,
	title={Extending the Bellman equation for MDP to continuous actions and continuous time in the discounted case},
	author={Rachelson, Emmanuel and Garcia, Fr{\'e}d{\'e}rick and Fabiani, Patrick},
	booktitle={10th Int. Symp. on AI and Math},
	year={2008}
}

@inproceedings{rachelson2009adapting,
	title={Adapting an MDP planner to time-dependency: case study on a UAV coordination problem},
	author={Rachelson, Emmanuel and Fabiani, Patrick and Garcia, Fr{\'e}d{\'e}rick},
	booktitle={4th Workshop on Planning and Plan Execution for Real-World Systems: Principles and Practices for Planning in Execution, Thessaloniki, Greece},
	year={2009}
}

@article{bastostime,
	title={TIME-DEPENDENT UTILITY DECISION MAKING USING THE TIMDP MODEL},
	author={Bastos, Guilherme S and Ramos, Fabio T and de Souza, Luiz E and Ribeiro, Carlos HC}
}






@inproceedings{lopes2012exploration,
	title={Exploration in model-based reinforcement learning by empirically estimating learning progress},
	author={Lopes, Manuel and Lang, Tobias and Toussaint, Marc and Oudeyer, Pierre-Yves},
	booktitle={Advances in Neural Information Processing Systems},
	pages={206--214},
	year={2012}
}



@book{lawrance2011autonomous,
	title={Autonomous soaring flight for unmanned aerial vehicles},
	author={Lawrance, Nicholas RJ},
	year={2011},
	publisher={University of Sydney}
}

@article{fechner2015dynamic,
	title={Dynamic model of a pumping kite power system},
	author={Fechner, Uwe and van der Vlugt, Rolf and Schreuder, Edwin and Schmehl, Roland},
	journal={Renewable Energy},
	volume={83},
	pages={705--716},
	year={2015},
	publisher={Elsevier}
}

@article{reddy2016learning,
	title={Learning to soar in turbulent environments},
	author={Reddy, Gautam and Celani, Antonio and Sejnowski, Terrence J and Vergassola, Massimo},
	journal={Proceedings of the National Academy of Sciences},
	pages={201606075},
	year={2016},
	publisher={National Acad Sciences}
}

@inproceedings{baker2016factored,
	title={Factored Monte-Carlo tree search for coordinating UAVs in disaster response},
	author={Baker, Chris and Ramchurn, Gopal and Teacy, Luke and Jennings, Nicholas},
	year={2016},
	organization={ICAPS}
}

@article{de2016guidance,
	title={Guidance algorithm for smooth trajectory tracking of a fixed wing UAV flying in wind flows},
	author={de Marina, Hector Garcia and Kapitanyuk, Yuri A and Bronz, Murat and Hattenberger, Gautier and Cao, Ming},
	journal={arXiv preprint arXiv:1610.02797},
	year={2016}
}

@article{gelly2011monte,
	title={Monte-Carlo tree search and rapid action value estimation in computer Go},
	author={Gelly, Sylvain and Silver, David},
	journal={Artificial Intelligence},
	volume={175},
	number={11},
	pages={1856--1875},
	year={2011},
	publisher={Elsevier}
}

@inproceedings{kocsis2006bandit,
  title={Bandit based monte-carlo planning},
  author={Kocsis, Levente and Szepesv{\'a}ri, Csaba},
  booktitle={European conference on machine learning},
  pages={282--293},
  year={2006},
  organization={Springer}
}

@article{browne2012survey,
	title={A survey of monte carlo tree search methods},
	author={Browne, Cameron B and Powley, Edward and Whitehouse, Daniel and Lucas, Simon M and Cowling, Peter I and Rohlfshagen, Philipp and Tavener, Stephen and Perez, Diego and Samothrakis, Spyridon and Colton, Simon},
	journal={IEEE Transactions on Computational Intelligence and AI in Games},
	volume={4},
	number={1},
	pages={1--43},
	year={2012},
	publisher={IEEE}
}

@inproceedings{couetoux2011continuous,
	title={Continuous upper confidence trees},
	author={Cou{\"e}toux, Adrien and Hoock, Jean-Baptiste and Sokolovska, Nataliya and Teytaud, Olivier and Bonnard, Nicolas},
	booktitle={International Conference on Learning and Intelligent Optimization},
	pages={433--445},
	year={2011},
	organization={Springer}
}

@inproceedings{bubeck2009online,
  title={Online optimization in X-armed bandits},
  author={Bubeck, S{\'e}bastien and Stoltz, Gilles and Szepesv{\'a}ri, Csaba and Munos, R{\'e}mi},
  booktitle={Advances in Neural Information Processing Systems},
  pages={201--208},
  year={2009}
}

@inproceedings{mansley2011sample,
  title={Sample-Based Planning for Continuous Action Markov Decision Processes.},
  author={Mansley, Christopher R and Weinstein, Ari and Littman, Michael L},
  booktitle={ICAPS},
  year={2011}
}

@inproceedings{weinstein2012bandit,
  title={Bandit-Based Planning and Learning in Continuous-Action Markov Decision Processes.},
  author={Weinstein, Ari and Littman, Michael L},
  booktitle={ICAPS},
  year={2012}
}

@inproceedings{auger2013continuous,
	title={Continuous upper confidence trees with polynomial exploration--consistency},
	author={Auger, David and Couetoux, Adrien and Teytaud, Olivier},
	booktitle={Joint European Conference on Machine Learning and Knowledge Discovery in Databases},
	pages={194--209},
	year={2013},
	organization={Springer}
}

@inproceedings{silver2008sample,
	title={Sample-based learning and search with permanent and transient memories},
	author={Silver, David and Sutton, Richard S and M{\"u}ller, Martin},
	booktitle={Proceedings of the 25th international conference on Machine learning},
	pages={968--975},
	year={2008},
	organization={ACM}
}

@phdthesis{deleva2015td,
	title={TD Learning in Monte Carlo Tree Search: Masters Thesis},
	author={Deleva, Aleksandra},
	year={2015},
	school={A. Deleva}
}

@article{lagoudakis2003least,
	title={Least-squares policy iteration},
	author={Lagoudakis, Michail G and Parr, Ronald},
	journal={Journal of Machine Learning Research},
	volume={4},
	number={Dec},
	pages={1107--1149},
	year={2003}
}

@article{xu2007kernel,
	title={Kernel-based least squares policy iteration for reinforcement learning},
	author={Xu, Xin and Hu, Dewen and Lu, Xicheng},
	journal={IEEE Transactions on Neural Networks},
	volume={18},
	number={4},
	year={2007},
	pages={973--992},
	publisher={IEEE}
}

@book{busoniu2010reinforcement,
	title={Reinforcement learning and dynamic programming using function approximators},
	author={Busoniu, Lucian and Babuska, Robert and De Schutter, Bart and Ernst, Damien},
	volume={39},
	year={2010},
	pages={170--204},
	publisher={CRC press}
}
























@book{sutton1998reinforcement,
	title={Reinforcement learning: An introduction},
	author={Sutton, Richard S and Barto, Andrew G},
	volume={1},
	number={1},
	year={1998},
	publisher={MIT press Cambridge}
}

@article{szepesvari2010algorithms,
	title={Algorithms for reinforcement learning},
	author={Szepesv{\'a}ri, Csaba},
	journal={Synthesis lectures on artificial intelligence and machine learning},
	volume={4},
	number={1},
	pages={1--103},
	year={2010},
	publisher={Morgan \& Claypool Publishers}
}

@article{gelly2011monte,
	title={Monte-Carlo tree search and rapid action value estimation in computer Go},
	author={Gelly, Sylvain and Silver, David},
	journal={Artificial Intelligence},
	volume={175},
	number={11},
	pages={1856--1875},
	year={2011},
	publisher={Elsevier}
}

@article{silver2012temporal,
	title={Temporal-difference search in computer Go},
	author={Silver, David and Sutton, Richard S and M{\"u}ller, Martin},
	journal={Machine learning},
	volume={87},
	number={2},
	pages={183--219},
	year={2012},
	publisher={Springer}
}